@inproceedings{brady13,
 author = {Brady, Edwin},
 title = {{Programming and Reasoning with Algebraic Effects and Dependent Types}},
 booktitle = {International Conference on Functional Programming},
 year = {2013},
 isbn = {978-1-4503-2326-0},
 location = {Boston, Massachusetts, USA},
 numpages = {12},
 url = {http://doi.acm.org/10.1145/2500365.2500581},
 doi = {10.1145/2500365.2500581},
 acmid = {2500581},
}